[gd_scene load_steps=14 format=3 uid="uid://c12e0sr18tjwr"]

[ext_resource type="Script" path="res://game/global.gd" id="1_25656"]
[ext_resource type="PackedScene" uid="uid://4cn2tnnu4ws4" path="res://game/ecs/entities/player_death.tscn" id="2_h4o03"]
[ext_resource type="PackedScene" uid="uid://cxtet6v3gbk0e" path="res://game/ecs/entities/slime_death.tscn" id="3_wbq2g"]
[ext_resource type="PackedScene" uid="uid://ceutqnfama3d8" path="res://game/ecs/entities/money_entity.tscn" id="4_nk3gn"]
[ext_resource type="AudioStream" uid="uid://bc6sxl5mvhi6e" path="res://game/audio/laugh.ogg" id="5_2xtjo"]
[ext_resource type="AudioStream" uid="uid://bobom762141ah" path="res://game/audio/collect_money.wav" id="5_nw7e5"]
[ext_resource type="AudioStream" uid="uid://bepwqivwogeba" path="res://game/audio/play.ogg" id="6_m46r2"]
[ext_resource type="AudioStream" uid="uid://bnjr7iwqkgjix" path="res://game/audio/clapping.ogg" id="6_ryu34"]
[ext_resource type="AudioStream" uid="uid://dgeokht5wl2f4" path="res://game/audio/slime.ogg" id="6_s8mup"]
[ext_resource type="AudioStream" uid="uid://b16dfl7iym82l" path="res://game/audio/pick.ogg" id="7_mlpy2"]
[ext_resource type="AudioStream" uid="uid://gpno56c1v37u" path="res://game/audio/title.ogg" id="8_5ocl7"]
[ext_resource type="AudioStream" uid="uid://cafrwgjd747qc" path="res://game/audio/lose.ogg" id="9_da8y7"]
[ext_resource type="AudioStream" uid="uid://dfgxoxrs0tlj5" path="res://game/audio/win.ogg" id="10_2mka2"]

[node name="Global" type="Node2D"]
script = ExtResource("1_25656")
player_death_scene = ExtResource("2_h4o03")
slime_death_scene = ExtResource("3_wbq2g")
money_scene = ExtResource("4_nk3gn")

[node name="Sounds" type="Node" parent="."]

[node name="Money" type="AudioStreamPlayer" parent="Sounds"]
stream = ExtResource("5_nw7e5")
volume_db = -10.0

[node name="Slime" type="AudioStreamPlayer" parent="Sounds"]
stream = ExtResource("6_s8mup")
volume_db = 20.0

[node name="Laugh" type="AudioStreamPlayer" parent="Sounds"]
stream = ExtResource("5_2xtjo")
volume_db = 20.0

[node name="Clap" type="AudioStreamPlayer" parent="Sounds"]
stream = ExtResource("6_ryu34")
volume_db = 20.0

[node name="Music" type="Node" parent="."]

[node name="Play" type="AudioStreamPlayer" parent="Music"]
stream = ExtResource("6_m46r2")
volume_db = -10.0

[node name="Next" type="AudioStreamPlayer" parent="Music"]
stream = ExtResource("7_mlpy2")
volume_db = -10.0

[node name="Title" type="AudioStreamPlayer" parent="Music"]
stream = ExtResource("8_5ocl7")
volume_db = -10.0

[node name="Lose" type="AudioStreamPlayer" parent="Music"]
stream = ExtResource("9_da8y7")
volume_db = -10.0

[node name="Win" type="AudioStreamPlayer" parent="Music"]
stream = ExtResource("10_2mka2")
volume_db = -10.0
