[gd_scene load_steps=2 format=3 uid="uid://b0m7l1nmlq6hw"]

[ext_resource type="Texture2D" uid="uid://d1relcofjgd8n" path="res://game/assets/floor_tile.png" id="1_2wnra"]

[node name="Floor" type="Node2D"]

[node name="Row1" type="Node2D" parent="."]

[node name="Floor1" type="Sprite2D" parent="Row1"]
position = Vector2(32, 32)
texture = ExtResource("1_2wnra")

[node name="Floor2" type="Sprite2D" parent="Row1"]
position = Vector2(96, 32)
texture = ExtResource("1_2wnra")

[node name="Floor3" type="Sprite2D" parent="Row1"]
position = Vector2(160, 32)
texture = ExtResource("1_2wnra")

[node name="Floor4" type="Sprite2D" parent="Row1"]
position = Vector2(224, 32)
texture = ExtResource("1_2wnra")

[node name="Floor5" type="Sprite2D" parent="Row1"]
position = Vector2(288, 32)
texture = ExtResource("1_2wnra")

[node name="Floor6" type="Sprite2D" parent="Row1"]
position = Vector2(352, 32)
texture = ExtResource("1_2wnra")

[node name="Floor7" type="Sprite2D" parent="Row1"]
position = Vector2(416, 32)
texture = ExtResource("1_2wnra")

[node name="Floor8" type="Sprite2D" parent="Row1"]
position = Vector2(480, 32)
texture = ExtResource("1_2wnra")

[node name="Floor9" type="Sprite2D" parent="Row1"]
position = Vector2(544, 32)
texture = ExtResource("1_2wnra")

[node name="Floor10" type="Sprite2D" parent="Row1"]
position = Vector2(608, 32)
texture = ExtResource("1_2wnra")

[node name="Floor11" type="Sprite2D" parent="Row1"]
position = Vector2(672, 32)
texture = ExtResource("1_2wnra")

[node name="Floor12" type="Sprite2D" parent="Row1"]
position = Vector2(736, 32)
texture = ExtResource("1_2wnra")

[node name="Row2" type="Node2D" parent="."]
position = Vector2(0, 64)

[node name="Floor1" type="Sprite2D" parent="Row2"]
position = Vector2(32, 32)
texture = ExtResource("1_2wnra")

[node name="Floor2" type="Sprite2D" parent="Row2"]
position = Vector2(96, 32)
texture = ExtResource("1_2wnra")

[node name="Floor3" type="Sprite2D" parent="Row2"]
position = Vector2(160, 32)
texture = ExtResource("1_2wnra")

[node name="Floor4" type="Sprite2D" parent="Row2"]
position = Vector2(224, 32)
texture = ExtResource("1_2wnra")

[node name="Floor5" type="Sprite2D" parent="Row2"]
position = Vector2(288, 32)
texture = ExtResource("1_2wnra")

[node name="Floor6" type="Sprite2D" parent="Row2"]
position = Vector2(352, 32)
texture = ExtResource("1_2wnra")

[node name="Floor7" type="Sprite2D" parent="Row2"]
position = Vector2(416, 32)
texture = ExtResource("1_2wnra")

[node name="Floor8" type="Sprite2D" parent="Row2"]
position = Vector2(480, 32)
texture = ExtResource("1_2wnra")

[node name="Floor9" type="Sprite2D" parent="Row2"]
position = Vector2(544, 32)
texture = ExtResource("1_2wnra")

[node name="Floor10" type="Sprite2D" parent="Row2"]
position = Vector2(608, 32)
texture = ExtResource("1_2wnra")

[node name="Floor11" type="Sprite2D" parent="Row2"]
position = Vector2(672, 32)
texture = ExtResource("1_2wnra")

[node name="Floor12" type="Sprite2D" parent="Row2"]
position = Vector2(736, 32)
texture = ExtResource("1_2wnra")

[node name="Row3" type="Node2D" parent="."]
position = Vector2(0, 128)

[node name="Floor1" type="Sprite2D" parent="Row3"]
position = Vector2(32, 32)
texture = ExtResource("1_2wnra")

[node name="Floor2" type="Sprite2D" parent="Row3"]
position = Vector2(96, 32)
texture = ExtResource("1_2wnra")

[node name="Floor3" type="Sprite2D" parent="Row3"]
position = Vector2(160, 32)
texture = ExtResource("1_2wnra")

[node name="Floor4" type="Sprite2D" parent="Row3"]
position = Vector2(224, 32)
texture = ExtResource("1_2wnra")

[node name="Floor5" type="Sprite2D" parent="Row3"]
position = Vector2(288, 32)
texture = ExtResource("1_2wnra")

[node name="Floor6" type="Sprite2D" parent="Row3"]
position = Vector2(352, 32)
texture = ExtResource("1_2wnra")

[node name="Floor7" type="Sprite2D" parent="Row3"]
position = Vector2(416, 32)
texture = ExtResource("1_2wnra")

[node name="Floor8" type="Sprite2D" parent="Row3"]
position = Vector2(480, 32)
texture = ExtResource("1_2wnra")

[node name="Floor9" type="Sprite2D" parent="Row3"]
position = Vector2(544, 32)
texture = ExtResource("1_2wnra")

[node name="Floor10" type="Sprite2D" parent="Row3"]
position = Vector2(608, 32)
texture = ExtResource("1_2wnra")

[node name="Floor11" type="Sprite2D" parent="Row3"]
position = Vector2(672, 32)
texture = ExtResource("1_2wnra")

[node name="Floor12" type="Sprite2D" parent="Row3"]
position = Vector2(736, 32)
texture = ExtResource("1_2wnra")

[node name="Row4" type="Node2D" parent="."]
position = Vector2(0, 192)

[node name="Floor1" type="Sprite2D" parent="Row4"]
position = Vector2(32, 32)
texture = ExtResource("1_2wnra")

[node name="Floor2" type="Sprite2D" parent="Row4"]
position = Vector2(96, 32)
texture = ExtResource("1_2wnra")

[node name="Floor3" type="Sprite2D" parent="Row4"]
position = Vector2(160, 32)
texture = ExtResource("1_2wnra")

[node name="Floor4" type="Sprite2D" parent="Row4"]
position = Vector2(224, 32)
texture = ExtResource("1_2wnra")

[node name="Floor5" type="Sprite2D" parent="Row4"]
position = Vector2(288, 32)
texture = ExtResource("1_2wnra")

[node name="Floor6" type="Sprite2D" parent="Row4"]
position = Vector2(352, 32)
texture = ExtResource("1_2wnra")

[node name="Floor7" type="Sprite2D" parent="Row4"]
position = Vector2(416, 32)
texture = ExtResource("1_2wnra")

[node name="Floor8" type="Sprite2D" parent="Row4"]
position = Vector2(480, 32)
texture = ExtResource("1_2wnra")

[node name="Floor9" type="Sprite2D" parent="Row4"]
position = Vector2(544, 32)
texture = ExtResource("1_2wnra")

[node name="Floor10" type="Sprite2D" parent="Row4"]
position = Vector2(608, 32)
texture = ExtResource("1_2wnra")

[node name="Floor11" type="Sprite2D" parent="Row4"]
position = Vector2(672, 32)
texture = ExtResource("1_2wnra")

[node name="Floor12" type="Sprite2D" parent="Row4"]
position = Vector2(736, 32)
texture = ExtResource("1_2wnra")

[node name="Row5" type="Node2D" parent="."]
position = Vector2(0, 256)

[node name="Floor1" type="Sprite2D" parent="Row5"]
position = Vector2(32, 32)
texture = ExtResource("1_2wnra")

[node name="Floor2" type="Sprite2D" parent="Row5"]
position = Vector2(96, 32)
texture = ExtResource("1_2wnra")

[node name="Floor3" type="Sprite2D" parent="Row5"]
position = Vector2(160, 32)
texture = ExtResource("1_2wnra")

[node name="Floor4" type="Sprite2D" parent="Row5"]
position = Vector2(224, 32)
texture = ExtResource("1_2wnra")

[node name="Floor5" type="Sprite2D" parent="Row5"]
position = Vector2(288, 32)
texture = ExtResource("1_2wnra")

[node name="Floor6" type="Sprite2D" parent="Row5"]
position = Vector2(352, 32)
texture = ExtResource("1_2wnra")

[node name="Floor7" type="Sprite2D" parent="Row5"]
position = Vector2(416, 32)
texture = ExtResource("1_2wnra")

[node name="Floor8" type="Sprite2D" parent="Row5"]
position = Vector2(480, 32)
texture = ExtResource("1_2wnra")

[node name="Floor9" type="Sprite2D" parent="Row5"]
position = Vector2(544, 32)
texture = ExtResource("1_2wnra")

[node name="Floor10" type="Sprite2D" parent="Row5"]
position = Vector2(608, 32)
texture = ExtResource("1_2wnra")

[node name="Floor11" type="Sprite2D" parent="Row5"]
position = Vector2(672, 32)
texture = ExtResource("1_2wnra")

[node name="Floor12" type="Sprite2D" parent="Row5"]
position = Vector2(736, 32)
texture = ExtResource("1_2wnra")

[node name="Row6" type="Node2D" parent="."]
position = Vector2(0, 320)

[node name="Floor1" type="Sprite2D" parent="Row6"]
position = Vector2(32, 32)
texture = ExtResource("1_2wnra")

[node name="Floor2" type="Sprite2D" parent="Row6"]
position = Vector2(96, 32)
texture = ExtResource("1_2wnra")

[node name="Floor3" type="Sprite2D" parent="Row6"]
position = Vector2(160, 32)
texture = ExtResource("1_2wnra")

[node name="Floor4" type="Sprite2D" parent="Row6"]
position = Vector2(224, 32)
texture = ExtResource("1_2wnra")

[node name="Floor5" type="Sprite2D" parent="Row6"]
position = Vector2(288, 32)
texture = ExtResource("1_2wnra")

[node name="Floor6" type="Sprite2D" parent="Row6"]
position = Vector2(352, 32)
texture = ExtResource("1_2wnra")

[node name="Floor7" type="Sprite2D" parent="Row6"]
position = Vector2(416, 32)
texture = ExtResource("1_2wnra")

[node name="Floor8" type="Sprite2D" parent="Row6"]
position = Vector2(480, 32)
texture = ExtResource("1_2wnra")

[node name="Floor9" type="Sprite2D" parent="Row6"]
position = Vector2(544, 32)
texture = ExtResource("1_2wnra")

[node name="Floor10" type="Sprite2D" parent="Row6"]
position = Vector2(608, 32)
texture = ExtResource("1_2wnra")

[node name="Floor11" type="Sprite2D" parent="Row6"]
position = Vector2(672, 32)
texture = ExtResource("1_2wnra")

[node name="Floor12" type="Sprite2D" parent="Row6"]
position = Vector2(736, 32)
texture = ExtResource("1_2wnra")

[node name="Row7" type="Node2D" parent="."]
position = Vector2(0, 384)

[node name="Floor1" type="Sprite2D" parent="Row7"]
position = Vector2(32, 32)
texture = ExtResource("1_2wnra")

[node name="Floor2" type="Sprite2D" parent="Row7"]
position = Vector2(96, 32)
texture = ExtResource("1_2wnra")

[node name="Floor3" type="Sprite2D" parent="Row7"]
position = Vector2(160, 32)
texture = ExtResource("1_2wnra")

[node name="Floor4" type="Sprite2D" parent="Row7"]
position = Vector2(224, 32)
texture = ExtResource("1_2wnra")

[node name="Floor5" type="Sprite2D" parent="Row7"]
position = Vector2(288, 32)
texture = ExtResource("1_2wnra")

[node name="Floor6" type="Sprite2D" parent="Row7"]
position = Vector2(352, 32)
texture = ExtResource("1_2wnra")

[node name="Floor7" type="Sprite2D" parent="Row7"]
position = Vector2(416, 32)
texture = ExtResource("1_2wnra")

[node name="Floor8" type="Sprite2D" parent="Row7"]
position = Vector2(480, 32)
texture = ExtResource("1_2wnra")

[node name="Floor9" type="Sprite2D" parent="Row7"]
position = Vector2(544, 32)
texture = ExtResource("1_2wnra")

[node name="Floor10" type="Sprite2D" parent="Row7"]
position = Vector2(608, 32)
texture = ExtResource("1_2wnra")

[node name="Floor11" type="Sprite2D" parent="Row7"]
position = Vector2(672, 32)
texture = ExtResource("1_2wnra")

[node name="Floor12" type="Sprite2D" parent="Row7"]
position = Vector2(736, 32)
texture = ExtResource("1_2wnra")

[node name="Row8" type="Node2D" parent="."]
position = Vector2(0, 448)

[node name="Floor1" type="Sprite2D" parent="Row8"]
position = Vector2(32, 32)
texture = ExtResource("1_2wnra")

[node name="Floor2" type="Sprite2D" parent="Row8"]
position = Vector2(96, 32)
texture = ExtResource("1_2wnra")

[node name="Floor3" type="Sprite2D" parent="Row8"]
position = Vector2(160, 32)
texture = ExtResource("1_2wnra")

[node name="Floor4" type="Sprite2D" parent="Row8"]
position = Vector2(224, 32)
texture = ExtResource("1_2wnra")

[node name="Floor5" type="Sprite2D" parent="Row8"]
position = Vector2(288, 32)
texture = ExtResource("1_2wnra")

[node name="Floor6" type="Sprite2D" parent="Row8"]
position = Vector2(352, 32)
texture = ExtResource("1_2wnra")

[node name="Floor7" type="Sprite2D" parent="Row8"]
position = Vector2(416, 32)
texture = ExtResource("1_2wnra")

[node name="Floor8" type="Sprite2D" parent="Row8"]
position = Vector2(480, 32)
texture = ExtResource("1_2wnra")

[node name="Floor9" type="Sprite2D" parent="Row8"]
position = Vector2(544, 32)
texture = ExtResource("1_2wnra")

[node name="Floor10" type="Sprite2D" parent="Row8"]
position = Vector2(608, 32)
texture = ExtResource("1_2wnra")

[node name="Floor11" type="Sprite2D" parent="Row8"]
position = Vector2(672, 32)
texture = ExtResource("1_2wnra")

[node name="Floor12" type="Sprite2D" parent="Row8"]
position = Vector2(736, 32)
texture = ExtResource("1_2wnra")
